@ARTICLE{2016arXiv160604797M,
       author = {{Milletari}, Fausto and {Navab}, Nassir and {Ahmadi}, Seyed-Ahmad},
        title = "{V-Net: Fully Convolutional Neural Networks for Volumetric Medical Image Segmentation}",
      journal = {arXiv e-prints},
     keywords = {Computer Science - Computer Vision and Pattern Recognition},
         year = "2016",
        month = "Jun",
          eid = {arXiv:1606.04797},
        pages = {arXiv:1606.04797},
archivePrefix = {arXiv},
       eprint = {1606.04797},
 primaryClass = {cs.CV},
       adsurl = {https://ui.adsabs.harvard.edu/abs/2016arXiv160604797M},
      adsnote = {Provided by the SAO/NASA Astrophysics Data System}
}

@ARTICLE{2015arXiv150504597R,
	author = {{Ronneberger}, Olaf and {Fischer}, Philipp and {Brox}, Thomas},
	title = "{U-Net: Convolutional Networks for Biomedical Image Segmentation}",
	journal = {arXiv e-prints},
	keywords = {Computer Science - Computer Vision and Pattern Recognition},
	year = "2015",
	month = "May",
	eid = {arXiv:1505.04597},
	pages = {arXiv:1505.04597},
	archivePrefix = {arXiv},
	eprint = {1505.04597},
	primaryClass = {cs.CV},
	adsurl = {https://ui.adsabs.harvard.edu/abs/2015arXiv150504597R},
	adsnote = {Provided by the SAO/NASA Astrophysics Data System}
}
@ARTICLE{2014arXiv1412.6980K,
	author = {{Kingma}, Diederik P. and {Ba}, Jimmy},
	title = "{Adam: A Method for Stochastic Optimization}",
	journal = {arXiv e-prints},
	keywords = {Computer Science - Machine Learning},
	year = "2014",
	month = "Dec",
	eid = {arXiv:1412.6980},
	pages = {arXiv:1412.6980},
	archivePrefix = {arXiv},
	eprint = {1412.6980},
	primaryClass = {cs.LG},
	adsurl = {https://ui.adsabs.harvard.edu/abs/2014arXiv1412.6980K},
	adsnote = {Provided by the SAO/NASA Astrophysics Data System}
}


@online{AdamTutorial1,
	author = {Andrej Karpathy},
	title = {Stanford: CS231n - Convolutional Neural Networks for Visual Recognition},
	date = {2019},
	url = {http://cs231n.github.io/neural-networks-3/},
}


@ARTICLE{2019arXiv190903029S,
	author = {{Sathia Raj}, Dinesh Samuel and {V}, Vijayakumar and {Rawal}, Bharat and
	{Yang}, Longzhi},
	title = "{Analysis of Big Data Technology for Health Care Services}",
	journal = {arXiv e-prints},
	keywords = {Computer Science - Computers and Society},
	year = "2019",
	month = "Sep",
	eid = {arXiv:1909.03029},
	pages = {arXiv:1909.03029},
	archivePrefix = {arXiv},
	eprint = {1909.03029},
	primaryClass = {cs.CY},
	adsurl = {https://ui.adsabs.harvard.edu/abs/2019arXiv190903029S},
	adsnote = {Provided by the SAO/NASA Astrophysics Data System}
}

